# Bibliography file

#---------- BOOKS ----------#

%@book{hastie,
	author		= "Trevor Hastie and Robert Tibshirani and Martin Wainwright",
	title		= "Statistical Learing with Sparsity  The Lasso and Generalizations",
	publisher	= "CRC Press",
	year		= "2015",
	edition		= "??"
}

%@book{stoffer,
	author		= "Robert H. Shumway and David S. Stoffer",
	title		= "Time Series Analysis and Its Applications",
	publisher	= "Springer Texts in Statistics",
	year		= "2010",
	edition		= "3"
}

#---------- ARTICLES ----------#
@article{efron,
	author = "Bradley Efron and Trevor Hastie and Iain Johnstone and Robert Tibshirani",
	title = "Least Angle Regression",
     publisher = "The Annals of Statistics",
     year = "2004", 
     volume	= "32",     
     pages = "407-499",
     journal = "Department of Statistics Stanford University"     
 }

@article{hui_hastie,
	author = "Hui Zou and Trevor Hastie",
	title = "Regularixation and variable selection via the elastic net",
     publisher = "John Wiley & Sons, Inc.",
     year = "2004", 
     volume	= "67",     
     pages = "301-320",
     journal = "Journal of the Royal Statistical Society"     
 }
 
 @article{hui_hastie,
	author = "Hui Zou and Trevor Hastie",
	title = "Regularization and variable selection via the elastic net",
     publisher = "John Wiley & Sons, Inc.",
     year = "2004", 
     volume	= "67",     
     pages = "301-320",
     journal = "Journal of the Royal Statistical Society"     
 }

#---------- R PACKAGES ----------#
